<?xml version="1.0" encoding="UTF-8"?>
<collection xmlns:xsi="http://www.w3.org/2001/XMLSchema-instance" xsi:schemaLocation="http://www.loc.gov/MARC21/slim http://www.loc.gov/standards/marcxml/schema/MARC21slim.xsd" xmlns="http://www.loc.gov/MARC21/slim">
<record>
  <leader>00726cam a22002171  4500</leader>
  <controlfield tag="001">2986161</controlfield>
  <controlfield tag="003">NNC</controlfield>
  <controlfield tag="005">20150817132413.0</controlfield>
  <controlfield tag="008">010227s1967    iq            000 0 ara d</controlfield>
  <datafield tag="035" ind1=" " ind2=" ">
    <subfield code="a">(OCoLC)ocm46331793</subfield>
  </datafield>
  <datafield tag="035" ind1=" " ind2=" ">
    <subfield code="9">ASN3446CU</subfield>
  </datafield>
  <datafield tag="035" ind1=" " ind2=" ">
    <subfield code="a">(NNC)2986161</subfield>
  </datafield>
  <datafield tag="040" ind1=" " ind2=" ">
    <subfield code="a">ZCU</subfield>
    <subfield code="c">ZCU</subfield>
  </datafield>
  <datafield tag="090" ind1=" " ind2=" ">
    <subfield code="a">PJ7838.Z9</subfield>
    <subfield code="b">D3</subfield>
  </datafield>
  <datafield tag="100" ind1="1" ind2=" ">
    <subfield code="a">Darwīsh, ʻAbd Allāh.</subfield>
  </datafield>
  <datafield tag="245" ind1="1" ind2="3">
    <subfield code="a">al-maḍmūn wa-al-iṭār fī shiʻr Yūsuf ʻIzz-al-Dīn,</subfield>
    <subfield code="c">li ʻAbd-Allāh Darwīsh.</subfield>
  </datafield>
  <datafield tag="246" ind1="0" ind2=" ">
    <subfield code="i">Added t.-p. in English:</subfield>
    <subfield code="a">Yousif Issidien's poetry: its form and contents,</subfield>
    <subfield code="b">by Abdallah Darwish. Baghdad, 1967</subfield>
  </datafield>
  <datafield tag="260" ind1=" " ind2=" ">
    <subfield code="a">Baghdād,</subfield>
    <subfield code="c">1967.</subfield>
  </datafield>
  <datafield tag="300" ind1=" " ind2=" ">
    <subfield code="a">23 p.</subfield>
  </datafield>
  <datafield tag="500" ind1=" " ind2=" ">
    <subfield code="a">"Mustall min al-ʻadad al-4. min majallat 'al-Balāgh'."</subfield>
  </datafield>
  <datafield tag="955" ind1=" " ind2=" ">
    <subfield code="b">0036761656</subfield>
    <subfield code="d">glx</subfield>
    <subfield code="e">PJ7838.Z9 D3</subfield>
  </datafield>
</record>
</collection>